@article{DeutschJozsa,
  doi = {10.1098/rspa.1992.0167},
  url = {https://doi.org/10.1098/rspa.1992.0167},
  year = {1992},
  month = dec,
  publisher = {The Royal Society},
  volume = {439},
  number = {1907},
  pages = {553--558},
  title = {Rapid solution of problems by quantum computation},
  journal = {Proceedings of the Royal Society of London. Series A: Mathematical and Physical Sciences}}

@article{BernsteinVazirani,
  doi = {10.1137/s0097539796300921},
  url = {https://doi.org/10.1137/s0097539796300921},
  year = {1997},
  month = oct,
  publisher = {Society for Industrial {\&} Applied Mathematics ({SIAM})},
  volume = {26},
  number = {5},
  pages = {1411--1473},
  author = {Ethan Bernstein and Umesh Vazirani},
  title = {Quantum Complexity Theory},
  journal = {{SIAM} Journal on Computing}
}

@misc{QPE,
  doi = {10.48550/ARXIV.QUANT-PH/9511026},
  url = {https://arxiv.org/abs/quant-ph/9511026},
  author = {Kitaev,  A. Yu.},
  keywords = {Quantum Physics (quant-ph),  FOS: Physical sciences,  FOS: Physical sciences},
  title = {Quantum measurements and the Abelian Stabilizer Problem},
  publisher = {arXiv},
  year = {1995},
  copyright = {Assumed arXiv.org perpetual,  non-exclusive license to distribute this article for submissions made before January 2004}
}